1762 2935
499 194 586 226 ΡΟΕ
595 195 656 225 MS
690 196 748 226 OF
772 197 975 233 'OSSIANo

347 305 389 341 A
408 305 556 342 drinnlin
575 306 660 344 cless
678 323 716 345 er
732 323 753 346 a
767 310 846 348 ‘claa

333 366 452 404 Clawe
470 377 582 406 trome
600 373 736 421 tortoyl
756 388 833 410 nac·
852 388 945 424 gann

334 429 386 466 Gi
404 437 487 466 tenn
505 444 544 467 er
560 432 652 469 teive
670 435 704 470 in
723 436 770 472 irr
787 443 850 474 vor

329 494 372 530 A
392 495 525 544 gymirt
543 497 629 535 class
646 499 707 536 offi
725 501 832 541 chind

331 558 368 593 Is
386 572 405 594 a
423 559 524 596 techt
542 561 576 596 in
596 563 702 611 genni
721 563 800 613 tloy

328 621 385 658 Ya
403 623 548 660 woneiss
566 625 653 675 yasg
671 629 708 675 gi
728 642 833 677 moya

325 685 368 720 A
388 684 506 722 seffow
523 687 559 723 in
577 689 728 737 gawlow
747 691 832 742 skay

326 747 379 783 Er
397 757 475 784 nert
492 763 530 784 er
551 751 648 799 ·gass<
666 766 704 788 er
721 753 814 802 yelle

324 811 382 847 Ne
400 812 458 848 elli
476 812 529 851 fer
545 815 612 851 mir
629 830 684 853 ac·
704 816 764 866 say

324 874 421 911 Naill
439 875 515 912 flat·
533 891 623 928 agus
640 879 716 916 rosc
739 881 843 918 Reic-

323 937 366 972 In
386 952 480 987 genn
498 940 532 976 in
552 941 582 976 ir
599 941 634 978 fa
653 942 766 992 keyve
781 960 877 982 crow

319 1001 417 1037 Mat·
435 1004 470 1039 in
489 1005 602 1053 noyth
620 1006 648 1042 is
667 1006 702 1043 fa
720 1008 793 1057 gall
811 1024 831 1046 a
849 1013 945 1060 yayd

324 1064 359 1099 Is
378 1065 491 1115 loayt·
509 1081 529 1104 a
547 1069 644 1118 stayd
666 1082 710 1107 n'o
729 1073 767 1121 gi
785 1073 876 1110 srow

319 1127 442 1165 Tauik
460 1130 495 1166 in
514 1132 609 1170 stead
627 1134 675 1170 sm
694 1136 728 1171 in
747 1137 822 1173 deit

319 1192 382 1227 Sin
401 1193 454 1229 far
473 1209 534 1231 nar
551 1198 662 1234 weine
680 1199 725 1235 ris
744 1200 779 1236 in
798 1215 911 1251 nayne

321 1253 450 1304 Keigit
470 1257 587 1294 Leich
606 1274 726 1296 wenur
745 1276 812 1298 ann

318 1317 441 1366 Yony?
461 1334 496 1354 ra
516 1322 671 1371 hynsyth
691 1338 755 1373 gar
774 1340 836 1362 nar

316 1380 353 1415 Is
374 1396 409 1415 ez·
430 1383 581 1432 eggiljn
598 1386 652 1421 nir
669 1387 697 1422 is
716 1401 736 1423 a
754 1388 874 1436 heyck

315 1443 371 1479 N:
393 1458 498 1493 myve
518 1446 632 1484 Leich
654 1452 731 1499 yda
751 1465 821 1500 gan
842 1468 946 1502 yram:

311 1506 365 1542 Di
385 1516 479 1545 twne
498 1512 563 1546 mir
581 1512 689 1549 hanik
708 1515 742 1550 in
762 1517 837 1552 deit·

314 1570 441 1609 Darrit
460 1574 495 1609 in
516 1575 632 1612 Reieh
650 1577 685 1613 fa,
705 1579 803 1616 ma‘th
821 1582 889 1618 clw

312 1634 357 1670 In
376 1637 497 1672 nathai
517 1647 592 1674 tow
609 1639 690 1689 feyn
710 1656 731 1678 a
750 1657 827 1680 wen

312 1698 357 1734 In
377 1714 420 1735 με.
439 1703 535 1738 iowd
555 1702 589 1738 in
607 1702 659 1739 fer
677 1719 697 1740 a
715 1706 777 1743 der
794 1716 869 1744 tow

312 1761 506 1814 Hanneym
527 1767 595 1803 Vic
616 1768 743 1806 Coulle
761 1785 782 1807 a
800 1772 885 1810 Ynd

311 1826 349 1862 Is
367 1826 471 1864 fowir
484 1828 556 1866 linn
575 1844 595 1867 a
613 1833 649 1880 yi
669 1842 749 1870 fane

309 1890 425 1941 Targi
444 1891 503 1942 say
522 1895 606 1930 meis
625 1908 697 1933 wra
715 1896 786 1934 less1

310 1954 372 1992 Ga
390 1965 476 1993 mat·
497 1959 532 1994 di
551 1959 668 1996 thresh
686 1976 705 1998 a
726 1963 815 2000 Inne
833 1964 923 2014 aylle

307 2018 423 2056 Derre
445 2021 550 2059 Oskir
568 2037 656 2073 agus
677 2025 808 2063 Gowle

304 2082 349 2118 Bi
369 2086 467 2122 worb
485 2086 599 2124 coss<ir
617 2088 698 2125 lonn
718 2091 751 2126 in
772 2092 861 2140 gath

304 2145 415 2183 Nane-
427 2147 545 2185 seffow
563 2152 598 2187 in
617 2166 681 2201 gar
700 2154 732 2189 {n
752 2155 849 2204 tloyc

229 2197 234 2203 ⁵
305 2210 422 2248 Eddir
439 2214 474 2250 in
493 2213 546 2250 far
564 2229 641 2252 mor
659 2217 682 2252 fi
704 2218 820 2255 Flaat·

303 2274 486 2314 Hanik'in
506 2277 622 2315 Leich
641 2280 677 2316 bi
697 2290 782 2318 wat·
800 2281 916 2321 tlacht'

304 2335 387 2388 Lay
406 2340 469 2376 {eie
489 2342 516 2378 is
535 2343 593 2392 lay
611 2354 689 2381 nart
708 2360 753 2383 no
773 2361 867 2397 genn

303 2403 413 2452 Agus
433 2405 571 2444 foddeis
589 2423 694 2457 woyn
714 2411 749 2446 in
768 2426 834 2452 ven

304 2465 355 2501 Di
376 2482 428 2503 we
447 2482 513 2518 gar
529 2484 549 2506 a
567 2470 661 2519 yolizz·
685 2474 751 2510 Inn

303 2529 394 2566 Tuk
412 2545 488 2569 mac
509 2533 617 2572 Morn
637 2537 667 2571 in
690 2539 826 2576 tum-hir
840 2542 928 2580 dane

305 2592 356 2645 Gi
371 2608 457 2646 croy
476 2611 521 2635 no
541 2614 610 2649 yey
629 2602 685 2637 dm
709 2603 823 2652 {kyg-

677 2667 729 2704 Ε

1331 193 1397 244 97

1281 2679 1348 2719 Νᾱὲ
