1762 2935
541 194 860 224 cARchnoRA.
1280 193 1364 233 16⁹„

214 279 286 317 An
307 277 479 317 mitteres
498 287 539 317 tu
556 292 621 318 me
639 278 772 330 ipsum
793 278 816 316 ὲ
837 292 927 316 meo
946 276 1049 317 circo
1061 279 1079 316 ἶ

162 357 281 398 Dixit
294 373 374 397 vox
386 355 516 411 giavis
530 358 643 410 c'ujus
654 367 735 396 erat
747 357 921 396 maxime
933 357 1177 397 indistincms
1190 371 1319 398 sonus.

161 438 272 478 Mihi
289 440 436 478 cedunt
454 438 649 478 exercitus
668 438 857 485 herou'm3

161 518 353 570 Despicio
374 522 421 558 de
441 530 530 557 meo
550 517 704 557 tumulo
722 518 838 570 sulper
859 518 1067 570 populum,

163 600 217 638 Et
235 601 372 638 cadent
390 598 450 637 illi
468 607 514 637 >ut
532 597 680 637 cineres
697 597 738 636 in
757 599 846 649 ineo
866 605 1078 649 conspectu
1093 615 1103 646 3

160 678 198 717 E
220 692 308 716 meo
327 677 451 717 halitu
469 677 576 717 venit
593 678 733 716 flamen
754 677 907 717 mortis.

162 755 312 795 Prodeo
331 771 405 809 ego
423 756 527 794 foras
546 754 587 793 in
609 756 732 794 altum
753 770 870 807 super
891 765 1032 805 vent03

161 835 259 874 Sunt
277 835 470 887 procellae
491 849 531 873 se
551 834 757 873 fundentes
775 849 910 886 supra,
1241 836 1359 891 [lore.

161 914 279 954 Circa
297 928 431 957 meum
448 914 706 967 supercilium
719 915 910 968 frigidum
925 917 996 955 sub
1005 916 1182 955 torvitate
1200 917 1280 956 sine
1293 932 1361 956 co-

158 990 233 1031 Est
250 993 507 1047 tranquillum
525 1008 660 1033 meum
680 994 927 1034 domicilium
947 995 987 1035 in
1009 995 1195 1043 nubibus,

160 1070 258 1110 Sunt
272 1071 438 1123 jucundi
456 1072 588 1128 campi
609 1072 744 1126 magni
762 1072 841 1112 mei
861 1073 1027 1125 soporis.

216 1151 339 1206 (Fac)
359 1167 455 1204 cape
475 1152 826 1193 commorationem
841 1153 881 1192 in
900 1153 978 1194 tuis
997 1152 1163 1205 campis,

161 1231 282 1271 Dixit
293 1247 364 1270 rex
376 1232 446 1286 qui
459 1246 536 1271 non
552 1236 632 1272 erat
643 1247 783 1284 vanusj
794 1242 830 1272 et
843 1233 926 1286 ejus
938 1246 1056 1271 manu
1070 1247 1189 1284 super
1199 1234 1294 1272 telo:

159 1311 230 1351 Sin
251 1311 381 1350 minus
401 1314 603 1352 recordare
622 1312 749 1351 filium
772 1311 949 1353 Comalis
967 1313 1009 1352 in
1029 1327 1195 1365 camp03

159 1390 1080 1445 Infirmumesttuumspectrum3--estmagnum
1088 1393 1362 1435 meumrobur.

163 1472 232 1510 An
251 1471 361 1510 movi
381 1486 454 1524 ego
474 1485 609 1510 meum
628 1485 785 1524 passum
805 1472 826 1511 ὲ
846 1482 976 1511 monte

159 1551 228 1589 Ad
240 1559 346 1590 tuam
358 1550 491 1591 aulam
504 1551 642 1603 ipsius,
655 1551 695 1590 in
708 1565 848 1604 campo
860 1552 928 1606 qui
941 1562 997 1591 est
1009 1552 1263 1606 tranquillus?

158 1629 227 1668 An
248 1631 414 1670 occurrit
432 1646 520 1670 mea
541 1633 655 1670 hasta
674 1632 713 1670 in
733 1646 814 1685 qua
832 1643 888 1672 est
908 1632 984 1680 vis,

160 1710 205 1748 ln
228 1710 372 1750 amictu
390 1712 592 1750 coelorum
614 1711 703 1751 voci

159 1789 311 1829 Larvae
331 1790 464 1844 nigrae
485 1793 534 1830 ad
551 1790 703 1830 circum
721 1791 872 1830 formae
893 1790 1081 1830 Lodinis?

104 2012 242 2051 Dwell
256 2013 298 2051 in
312 2016 385 2068 thy
401 2017 576 2067 pleasant
590 2016 716 2064 fields,
731 2017 815 2056 said
829 2019 895 2056 the
912 2017 1034 2069 king:
1068 2017 1140 2055 Let
1158 2016 1362 2056 Comhal‘s

53 2104 120 2130 son
148 2092 197 2130 be
227 2092 372 2146 forgot.
430 2095 501 2134 Do
521 2111 592 2149 my
611 2106 715 2148 steps
735 2099 888 2145 ascend,
919 2098 1023 2135 from
1052 2111 1121 2149 my
1143 2096 1250 2146 hius,
1282 2097 1368 2136 into

50 2170 120 2223 thy
139 2173 321 2223 peaceful
342 2174 497 2226 plains?
530 2176 599 2214 Do
620 2176 637 2213 I
660 2186 762 2214 meet
784 2178 886 2223 thee,
906 2176 1002 2214 wish
1025 2191 1046 2214 a
1065 2191 1191 2227 spear,
1221 2192 1272 2215 on
1291 2180 1363 2231 thy

51 2249 177 2299 cloud,
207 2253 320 2304 spirit
350 2254 397 2292 of
420 2255 562 2295 dismal
594 2256 729 2294 Loda?
763 2256 876 2309 thy
895 2257 987 2294 then
1018 2258 1102 2296 dost
1120 2259 1216 2296 thou
1237 2258 1364 2298 frown

53 2342 102 2383 on
136 2333 227 2370 me?
278 2335 373 2387 why
411 2334 535 2372 shake
565 2333 675 2372 thine
703 2333 788 2387 airy
827 2335 966 2385 spear?
1029 2335 1148 2374 Thou
1179 2337 1365 2376 frownest

51 2407 94 2448 in
124 2411 237 2451 vain:
289 2413 308 2452 I
346 2428 466 2452 never
501 2414 575 2453 fied
612 2413 716 2452 from
755 2416 820 2453 the
842 2414 1000 2468 migluy
1036 2416 1075 2454 in
1114 2431 1210 2469 wgr.
1269 2418 1364 2457 And

55 2488 151 2529 shall
204 2493 270 2531 the
328 2507 419 2533 sons
469 2494 517 2533 of
570 2496 635 2533 the
688 2494 798 2534 wind
845 2494 1016 2547 frighten
1063 2497 1128 2535 the
1174 2495 1275 2550 king
1321 2497 1374 2541 of*
